% This file was created with JabRef 2.10b2.
% Encoding: UTF-8


@Manual{abnTeX22014b,
  Title                    = {A classe abntex2},
  Author                   = {abnTeX2 and Lauro C\'{e}sar Araujo},
  Organization             = {Equipe abnTeX2},
  Year                     = {2014},

  Bdsk-url-1               = {http://code.google.com/p/abntex2/wiki/Download},
  Pages                    = {46},
  Subtitle                 = {Documentos t\'{e}cnicos e cient\'{i}ficos brasileiros compat\'{i}veis com as normas ABNT},
  Timestamp                = {2014.09.27},
  Url                      = {http://abntex2.googlecode.com/},
  Urlaccessdate            = {12 de setembro de 2014}
}

@Manual{abnTeX22014d,
  Title                    = {O pacote abntex2cite},
  Author                   = {abnTeX2 and Lauro C\{\textquoteright}{e}sar Araujo},
  Organization             = {Equipe abnTeX2},
  Year                     = {2014},

  Bdsk-url-1               = {http://code.google.com/p/abntex2/wiki/Download},
  Pages                    = {91},
  Subtitle                 = {Estilos bibliogr\'{a}ficos compat\'{i}veis com a ABNT NBR 6023},
  Timestamp                = {2014.09.27},
  Url                      = {http://abntex2.googlecode.com/},
  Urlaccessdate            = {12 de setembro de 2014}
}

@Manual{abnTeX22014c,
  Title                    = {O pacote abntex2cite},
  Author                   = { Lauro C\'{e}sar Araujo and abnTeX2 },
  Organization             = {Equipe abnTeX2},
  Year                     = {2014},

  Bdsk-url-1               = {http://code.google.com/p/abntex2/wiki/Download},
  Pages                    = {23},
  Subtitle                 = {T\'{o}picos espec\'{i}ficos da ABNT NBR 10520:2002 e o estilo bibliogr\'{a}fico alfab\'{e}tico (sistema autor-data)},
  Timestamp                = {2014.09.27},
  Url                      = {http://abntex2.googlecode.com/},
  Urlaccessdate            = {12 de setembro de 2014}
}

@Book{Guedes,
  Title                    = {UML - Uma Abordagem Prática},
  Author                   = {Gilleanes T. A. Guedes},
  Publisher                = {Novatec},
  Year                     = {2009},

  Address                  = {São Paulo},
  Edition                  = {1},

  Timestamp                = {2018.03.09}
}

@Book{Alberto,
  Title                    = {UML, Metodologias e
Ferramentas CASE},
  Author                   = {Alberto Manuel Rodrigues da Silva and 
Carlos Alberto Escaleira Videira},
  Publisher                = {Edições Centro Atlântico},
  Year                     = {2001}, 

  Address                  = {Portugal},
  Edition                  = {1},

  Timestamp                = {2018.04.07}
}

    @book{Martins,
   	Title = {Gerenciando Projetos de Desenvolvimento de Software Com Pmi, Rup e Uml},
    Author = {José Carlos Cordeiro Martins},
   	Publisher = {Brasport},
    
    Year = {2011}},
    Address = {Goiânia},
    Edition = {5ª},
    Timestamp   = {22-11-2017}}
  
    
    
    
@Misc{ecomm,
  Title                    = {O que é E-Commerce},

  Author                   = {Redação E-Commerce News},
  Year					   = {2012},

  Timestamp                = {2018.04.11},
  Url                      = {https://ecommercenews.com.br/o-que-e-e-commerce/},
  Urlaccessdate            = {11 de abril de 2018}
}

%% REvisar pois está incorreto o ANO e a TIMESTAMP %%
@Misc{gestcont,
  Title                    = {Gestores de Conteúdos},

  Author                   = {Carlos Pinto Ascensão},
  Year 					   = {2016}
    
  Timestamp                = {2018.04.11},
  Url                      = {http://www.gestordeconteudos.com/tabid/3850/Default.aspx},
  Urlaccessdate            = {11 de abril de 2018}
}

@Misc{html,
  Title                    = {O básico: O que é HTML?},

  Author                   = {DIEGO EIS},
  Year                     = {2011},

  Url                      = {https://tableless.com.br/o-que-html-basico/},
  Urlaccessdate            = {13 de abril de 2018}
}

@Misc{css1,
  Title                    = {O que é CSS?},

  Author                   = {ANA PAULA PEREIRA},
  Year                     = {2009},

  Url                      = {https://www.tecmundo.com.br/programacao/2705-o-que-e-css-.htm},
  Urlaccessdate            = {13 de abril de 2018}
}

@Misc{css2,
  Title                    = {
O QUE É CSS E QUAL SUA IMPORTÂNCIA?},

  Author                   = {MATERA Systems},
  Year                     = {2012},

  Url                      = {http://matera.com/br/2012/07/25/o-que-e-css-e-qual-sua-importancia/},
  Urlaccessdate            = {04 de mar{\c c}o de 2018}
}

@Misc{php,
  Title                    = {Conceito de PHP},

  Author                   = {PHP},	
  Year					   = {2012},

  Url                      = {http://queconceito.com.br/php},
  Urlaccessdate            = {28 de mar{\c c}o de 2018}
}

@Misc{mysql,
  Title                    = {O que é e como usar o MySQL?},

  Author                   = {PEDRO PISA},	
  Year					   = {2012},

  Url                      = {http://www.techtudo.com.br/artigos/noticia/2012/04/o-que-e-e-como-usar-o-mysql.html},
  Urlaccessdate            = {13 de abril de 2018}
}

@Misc{git,
  Title                    = {O que é e como funciona o Git e GitHub?},

  Author                   = {DEBORA PRICILA SILVEIRA, oficina da net},	
  Year					   = {2016},

  Url                      = {https://www.oficinadanet.com.br/post/16111-o-que-e-e-como-funciona-o-git-e-github},
  Urlaccessdate            = {22 de abril de 2018}
}

@Misc{github,
  Title                    = {O que é github?},

  Author                   = {LUCIANO RATAMERO},	
  Year					   = {2016},

  Url                      = {https://lucianoratamero.github.io/blog/git-e-github-parte-1-o-que-sao-e-como-usar/},
  Urlaccessdate            = {22 de abril de 2018}
}

@Misc{class,
  Title                    = {Diagrama de Classes UML},

  Author                   = {Paulo Cesar Barreto da Silva},	
  Year					   = {2016},

  Url                      = {https://www.devmedia.com.br/diagrama-de-classes-uml/12251},
  Urlaccessdate            = {22 de abril de 2018}
}

@misc{Atividade,
	Title                   = {UML Diagramas: Sequência e Atividades},
    Author 					= {João Carlos},
	Year 					= {2005},
    
	Url 					=				 			{https://imasters.com.br/artigo/3004/uml/diagramas-sequencia-e-atividades/?trace=1519021197&source=single},

	Urlaccessdate   		= {05 de abril de 2018},
}






@Book{Kopka2003,
  Title                    = {Guide to LaTeX},
  Author                   = {Kopka, Helmut and Daly, Patrick W.},
  Publisher                = {Addison-Wesley},
  Year                     = {2003},

  Address                  = {Boston},
  Edition                  = {4},

  Timestamp                = {2014.09.27}
}

@Book{Lamport1986,
  Title                    = {LaTeX: a document preparation system},
  Author                   = {Lamport, Leslie},
  Publisher                = {Addison-Wesley},
  Year                     = {1986},

  Address                  = {Boston},

  Timestamp                = {2014.09.27}
}

@Misc{LaTeX2014,
  Title                    = {The LaTeX project},

  Author                   = {LaTeX},
  Year                     = {2014},

  Timestamp                = {2014.09.27},
  Url                      = {http://www.latex-project.org},
  Urlaccessdate            = {31 de julho de 2014}
}

@Book{Maturana2003,
  Title                    = {A \'{A}rvore do Conhecimento},
  Author                   = {Humberto R. Maturana and Francisco J. Varela},
  Publisher                = {Editora Palas Athena},
  Year                     = {2003},

  Address                  = {S\~ao Paulo},
  Edition                  = {3},

  Page                     = {283},
  Subtitle                 = {as bases biol\'{o}gicas da compreens\~{a}o humana},
  Timestamp                = {2014.09.27}
}

@Book{Mittelbach2004,
  Title                    = {The LaTeX companion},
  Author                   = {Mittelbach, Frank and Goossens, Michel and Braams, Johannes and Carlisle, David and Rowley, Chris},
  Publisher                = {Addison-Wesley},
  Year                     = {2004},

  Address                  = {Boston},
  Edition                  = {2},

  Timestamp                = {2014.09.27}
}

@PhdThesis{Neubert2001,
  Title                    = {Algoritmos Distribu\'{i}dos para a Constru{\c c}\~ao de Arquivos Invertidos},
  Author                   = {Marden Silveira Neubert},
  School                   = {Departamento de Computa{\c c}\~ao, Universidade Federal de Minas Gerais},
  Year                     = {2001},

  Address                  = {Belo Horizonte},
  Type                     = {Doutorado em Ci{\^e}ncia da Computa{\c c}\~ao},

  Pagename                 = {f.},
  Pages                    = {145},
  Timestamp                = {2014.09.26},
  Year-presented           = {Mar{\c c}o 2001}
}

@MastersThesis{Santos2003,
  Title                    = {Aspectos Conceituais e Arquiteturais para a Cria{\c c}\~ao de Linhagens de Agentes de Software Cognitivos e Situados},
  Author                   = {Bruno Andr\'{e} Santos},
  School                   = {Centro Federal de Educa{\c c}\~ao Tecnol\'{o}gica de Minas Gerais},
  Year                     = {2003},

  Address                  = {Belo Horizonte},
  Type                     = {Mestrado em Tecnologia -- Nome da \'{a}rea de concentra{\c c}\~ao},

  Key                      = {intelig{\^e}ncia artificial, agentes inteligentes, cogni{\c c}\~ao situada},
  Pagename                 = {f.},
  Pages                    = {130},
  Timestamp                = {2014.09.26},
  Year-presented           = {Junho 2003}
}

@Book{Silva2000,
  Title                    = {A Intelig{\^e}ncia da Complexidade},
  Author                   = {Silva, Joaquim and Souza, Jo\~ao {Luiz de}},
  Publisher                = {Editora Petr\'{o}polis},
  Year                     = {2000},

  Address                  = {S\~ao Paulo},

  Timestamp                = {2014.09.24}
}

@MastersThesis{Souza2012,
  Title                    = {Recupera{\c c}\~ao de V\'{i}deos Baseada em Conte\'{u}do em um Sistema de Informa{\c c}\~ao para Apoio \`{a} An\'{a}lise do Discurso Televisivo},
  Author                   = {Celso {Luiz de} Souza},
  School                   = {Centro Federal de Educa{\c c}\~ao Tecnol\'{o}gica de Minas Gerais},
  Year                     = {2012},

  Address                  = {Belo Horizonte},
  Type                     = {Mestrado em Modelagem Matem\'{a}tica e Computacional -- Sistemas Inteligentes},

  Pagename                 = {f.},
  Pages                    = {130},
  Timestamp                = {2014.09.26},
  Year-presented           = {Outubro 2011}
}

@Article{vanGELDER1998,
  Title                    = {Disentangling Dynamics, Computation and Cognition},
  Author                   = {Tim {van GELDER}},
  Journal                  = {Behavioral and Brain Sciences},
  Year                     = {1998},
  Pages                    = {40--47},
  Volume                   = {21},

  Key                      = {cognitive science, digital computer, dynamical hypothesis, dynamical system},
  Timestamp                = {2014.09.26}
}

@Manual{NBR14724:2011,
  Title                    = {{ABNT NBR} 14724},

  Address                  = {Rio de Janeiro},
  Month                    = mar,
  Organization             = {Associa{\c c}\~ao Brasileira de Normas T\'ecnicas},
  Year                     = {2011},

  Org-short                = {ABNT},
  Pages                    = {11},
  Subtitle                 = {Informa{\c c}\~ao e documenta{\c c}\~ao --- Trabalhos acad\^emicos --- Apresenta{\c c}\~ao},
  Timestamp                = {2014.09.27}
}

@Manual{NBR15287:2005,
  Title                    = {{ABNT NBR} 15287},

  Address                  = {Rio de Janeiro},
  Month                    = {dez.},
  Organization             = {Associa{\c c}\~ao Brasileira de Normas T\'ecnicas},
  Year                     = {2005},

  Org-short                = {ABNT},
  Pages                    = {6},
  Subtitle                 = {Informa{\c c}\~ao e documenta{\c c}\~ao --- Projeto de pesquisa --- Apresenta{\c c}\~ao},
  Timestamp                = {2014.09.27}
}

@Manual{NBR10520:2002,
  Title                    = {{NBR} 10520},

  Address                  = {Rio de Janeiro},
  Month                    = {ago.},
  Organization             = {Associa{\c c}\~ao Brasileira de Normas T\'ecnicas},
  Year                     = {2002},

  Org-short                = {ABNT},
  Pages                    = {7},
  Subtitle                 = {Informa{\c c}\~ao e documenta{\c c}\~ao --- Cita{\c c}\~oes em documentos --- Apresenta{\c c}\~ao},
  Timestamp                = {2014.09.27}
}

@Manual{NBR6023:2002,
  Title                    = {{NBR} 6023},

  Address                  = {Rio de Janeiro},
  Month                    = {ago.},
  Organization             = {Associa{\c c}\~ao Brasileira de Normas T\'ecnicas},
  Year                     = {2002},

  Org-short                = {ABNT},
  Pages                    = {24},
  Subtitle                 = {Informa{\c c}\~ao e documenta{\c c}\~ao --- Refer\^encias --- Elabora{\c c}\~ao},
  Timestamp                = {2014.09.27}
}
